1945 3259
659 659 1149 717 APPENDIX.

296 988 509 1021 CHARTER
532 990 587 1023 OF
610 990 830 1030 STEPHEN,
854 991 975 1022 EARL
1000 991 1056 1022 OF
1077 991 1300 1031 BOLOGNE,
1325 992 1381 1025 TO
1406 993 1500 1024 THE

671 1051 819 1082 ABBOT
845 1051 900 1082 OF
923 1051 1163 1083 SAVIGNY.*

805 1162 889 1195 ΑΒ.
914 1162 1007 1196 1127.

186 1270 226 1302 In
241 1269 376 1301 nomine
391 1270 504 1311 patris,
519 1273 553 1303 et
568 1270 639 1304 filii.
660 1274 693 1303 et
706 1271 842 1312 spiritus
857 1272 972 1304 sancti.
1018 1273 1090 1314 Ego
1114 1272 1302 1313 Stephanus
1326 1272 1444 1305 Comes
1467 1273 1596 1305 Boionii
1621 1276 1656 1305 et

142 1329 320 1361 Moretonii
336 1330 512 1369 providens
529 1333 562 1361 et
578 1330 612 1361 in
629 1331 691 1361 deo
707 1331 882 1362 consulens
899 1331 1000 1362 saluti
1017 1332 1126 1363 anime
1143 1342 1214 1362 mee
1231 1335 1264 1363 et
1282 1333 1395 1363 uxoris
1419 1343 1491 1364 mee
1508 1332 1658 1364 Matildis

141 1388 315 1419 Comitisse
329 1392 363 1419 et
378 1399 436 1428 pro
451 1388 561 1419 anima
577 1389 703 1420 domini
719 1389 785 1419 mei
798 1390 830 1419 et
846 1390 1002 1421 avunculi
1024 1390 1161 1422 Henrici
1183 1391 1283 1431 Regis
1302 1391 1489 1432 Anglorum
1506 1395 1539 1423 et
1556 1392 1661 1422 Ducis

143 1447 414 1478 Normannorum
431 1448 464 1477 et
479 1457 538 1487 pro
554 1446 728 1478 animabus
745 1447 894 1478 omnium
911 1448 1069 1486 fidelium,
1088 1451 1157 1479 tam
1173 1459 1233 1489 pro
1249 1449 1333 1481 vivis
1350 1460 1450 1490 quam
1467 1460 1527 1491 pro
1544 1450 1664 1481 solutis

140 1506 292 1536 debitum
314 1505 439 1542 mortis,
463 1515 549 1535 anno
568 1505 609 1535 ab
625 1504 849 1536 incarnatione
865 1505 992 1537 domiui
1008 1507 1114 1538 nostri
1131 1507 1186 1537 Mo
1207 1509 1250 1539 CO
1274 1508 1424 1539 XXVII.
1470 1508 1661 1540 Indiccione

143 1563 271 1604 quinta,
288 1564 413 1604 Epacta
427 1563 543 1594 XVII.
588 1563 650 1593 Evi
666 1565 770 1593 metas
788 1564 908 1594 cotidie
924 1565 1024 1596 etiam
1041 1565 1156 1596 videns
1169 1566 1211 1596 ad
1227 1576 1378 1597 occasum
1401 1577 1505 1605 ruere,
1524 1577 1661 1607 pompas

140 1632 255 1653 omnes
267 1622 420 1653 habentis
436 1622 538 1662 hujus
554 1622 665 1660 seculi,
679 1623 711 1653 et
728 1623 824 1654 flores
841 1634 1015 1664 roseasque
1031 1625 1244 1655 vernancium
1268 1625 1395 1665 Regum
1419 1625 1665 1665 Imperatorum

141 1680 272 1712 Ducum
289 1683 322 1711 et
337 1680 488 1711 omnium
504 1680 707 1721 locupletum
724 1690 859 1712 coronas
876 1685 909 1712 et
925 1682 1051 1721 palmas
1068 1692 1274 1721 marcescere,
1291 1686 1326 1714 et
1341 1683 1492 1714 omnium
1513 1686 1666 1715 concreta

141 1739 243 1771 simul
266 1739 301 1769 in
324 1749 430 1770 unum
452 1739 599 1778 redigere
622 1741 657 1769 et
678 1740 721 1770 ad
745 1742 887 1770 mortem
912 1740 1040 1779 prepeti
1062 1750 1163 1771 cursu
1185 1743 1303 1772 cuncta
1323 1752 1509 1782 properare,
1537 1742 1665 1780 Reddo,

143 1801 230 1831 dono
247 1803 281 1830 et
296 1800 438 1830 concedo
454 1799 524 1830 Deo
541 1798 763 1839 omnipotenti
779 1802 812 1830 et
829 1799 949 1830 Sancte
966 1800 1124 1830 Trinitati
1139 1801 1180 1831 de
1197 1801 1370 1842 savigneio
1383 1805 1417 1833 et
1433 1803 1558 1834 Abbati
1571 1804 1663 1836 illius

143 1859 208 1890 loci
224 1860 329 1890 totam
345 1858 502 1888 forestam
519 1867 625 1888 meam
642 1857 683 1887 de
698 1856 899 1888 Fudernesio
916 1860 949 1889 et
967 1858 1123 1898 VVagneia
1138 1869 1214 1890 cum
1236 1860 1327 1891 omni
1350 1862 1525 1893 venatione
1543 1873 1607 1903 que
1630 1863 1666 1894 in

146 1919 192 1949 eis
222 1920 283 1954 est,
315 1920 349 1948 et
378 1917 566 1954 Daltonam,
611 1920 645 1947 et
675 1917 767 1948 omni
801 1917 1004 1948 dominicum
1040 1928 1152 1948 meum
1189 1919 1275 1950 infra
1312 1920 1550 1951 Fudernesium
1589 1930 1666 1951 cum

144 1977 336 2008 hominibus
352 1978 386 2006 et
402 1975 554 2005 omnibus
570 1974 599 2005 ei
616 1975 869 2015 pe1·tinentibu5‚
893 1975 1049 2006 videlicet
1072 1976 1106 2006 in
1130 1976 1229 2007 bosco
1246 1981 1280 2008 et
1295 1978 1330 2009 in
1352 1979 1461 2018 plano,
1478 1979 1513 2010 in
1529 1983 1615 2010 terra
1633 1981 1666 2010 et

145 2035 182 2066 in
204 2035 310 2075 aquis,
335 2037 368 2064 et
392 2033 560 2070 Olveston,
581 2035 615 2063 et
637 2033 803 2072 Rogerum
827 2029 1017 2072 Bristoldon
1042 2045 1119 2065 cum
1143 2036 1220 2073 suis,
1243 2039 1276 2067 et
1298 2037 1473 2077 piscariam
1496 2048 1603 2070 meam
1624 2039 1667 2070 de

147 2093 349 2131 Lancastria,
375 2095 408 2123 et
426 2092 599 2122 Warinum
615 2102 755 2132 parvum
774 2103 850 2124 cum
868 2093 960 2124 omni
977 2097 1061 2124 terra
1077 2105 1146 2131 sua,
1163 2097 1197 2125 et
1211 2105 1326 2127 socum
1342 2099 1375 2127 et
1392 2107 1503 2128 sacum
1521 2100 1554 2128 et
1569 2098 1618 2129 tol
1632 2101 1667 2129 et

145 2154 214 2183 tem
239 2154 272 2182 et
302 2151 517 2192 infangtheof,
543 2155 576 2182 et
603 2152 762 2193 quiequid
789 2152 876 2183 infra
902 2153 1148 2184 Fudernesium
1179 2154 1382 2195 continetur,
1407 2158 1518 2195 preter
1543 2159 1666 2187 terram

142 2211 313 2242 Michaelis
330 2211 507 2251 Flamengi,
523 2221 562 2242 eo
585 2212 745 2242 nimirum
766 2212 895 2243 intuitu
918 2216 1049 2253 parater
1072 2215 1106 2243 et
1127 2215 1251 2249 tenore,
1269 2214 1427 2253 quatinus
1446 2225 1505 2255 per
1528 2215 1665 2255 disposi-

143 2270 270 2301 tionem
281 2273 314 2300 et
326 2271 518 2310 preceptum
533 2270 671 2300 Abbatis
685 2270 906 2310 Savigniensis
922 2270 1115 2301 monasterii
1141 2271 1174 2301 in
1190 2271 1261 2302 loco
1278 2272 1425 2312 predicto
1441 2274 1520 2304 ordo
1537 2284 1665 2305 monas-

143 2328 230 2359 ticus
246 2338 282 2359 ac
297 2328 454 2367 regularis
469 2338 528 2368 per
542 2327 688 2358 divinam
704 2329 844 2368 gratiam
860 2328 1030 2359 habeatur.
1088 2330 1193 2367 Quam
1218 2330 1434 2361 donacionem
1457 2332 1505 2362 ita
1521 2332 1665 2364 solutam

147 2389 181 2417 et
197 2382 239 2417 ab
262 2386 353 2416 omni
369 2385 557 2426 calumpnia
573 2386 723 2416 omnium
738 2385 929 2416 mortalium
957 2386 1105 2426 quietam
1128 2390 1162 2418 et
1184 2388 1321 2419 liberam
1344 2389 1440 2428 dono,
1465 2391 1552 2421 sicut
1576 2391 1666 2422 obla-

147 2445 273 2476 tionem
288 2445 357 2475 Deo
374 2444 406 2475 in
425 2445 557 2475 odorem
575 2444 759 2484 suavitatis,
774 2448 807 2476 et
826 2445 911 2476 sicut
928 2445 1125 2477 sacrificium
1143 2450 1293 2477 nostrum
1311 2448 1400 2487 quod
1411 2447 1482 2479 Deo
1496 2449 1666 2482 offerimus

146 2504 258 2535 saltim
274 2503 511 2544 vespertinum.

190 2563 231 2593 In
247 2562 306 2592 the
321 2572 416 2592 name
433 2562 468 2592 of
483 2562 540 2592 the
558 2562 691 2600 Fathev,
707 2563 771 2593 and
789 2563 824 2594 of
837 2563 893 2593 the
910 2563 989 2602 Son,
1006 2564 1071 2594 and
1087 2564 1122 2594 of
1136 2565 1193 2595 the
1206 2565 1295 2604 Holy
1308 2564 1422 2604 Spirit.
1468 2566 1494 2603 I,
1508 2566 1663 2606 Stephen,

147 2621 214 2653 earl
233 2621 270 2652 of
290 2621 436 2661 Boiogne
451 2621 517 2652 and
534 2621 696 2659 Moreton,
714 2623 890 2662 providing
905 2623 971 2653 and
988 2624 1134 2663 trusting
1150 2625 1184 2654 in
1202 2624 1275 2654 God
1290 2625 1342 2656 for
1358 2625 1414 2656 the
1429 2627 1533 2666 safety
1551 2627 1585 2658 of
1607 2638 1666 2668 my

146 2681 228 2719 soni,
257 2681 322 2711 and
350 2680 425 2711 that
453 2681 489 2712 of
514 2691 570 2721 my
586 2681 659 2711 wife
683 2680 741 2711 the
765 2684 919 2712 countess
943 2682 1090 2720 Matilda,
1115 2684 1179 2713 and
1203 2683 1262 2714 the
1284 2684 1358 2714 soul
1381 2685 1418 2716 of
1437 2696 1494 2726 my
1509 2685 1583 2716 lord
1598 2686 1664 2718 and

145 2741 243 2772 uncle
260 2741 386 2781 Henry,
401 2739 482 2781 king
498 2740 532 2771 of
547 2740 701 2781 England
715 2741 779 2772 and
795 2741 884 2771 duke
898 2741 934 2772 of
947 2742 1154 2782 Normandy,
1169 2743 1235 2773 and
1250 2742 1302 2773 for
1317 2743 1376 2774 the
1392 2744 1481 2776 souls
1497 2744 1535 2776 of
1545 2744 1589 2776 all
1607 2745 1665 2777 the

305 2852 325 2874 ἥ
345 2852 420 2883 This
434 2852 553 2883 charter
568 2852 673 2882 stands
690 2852 800 2883 second
821 2853 853 2882 in
868 2852 920 2882 the
934 2852 1130 2891 Chartulary.
1177 2854 1255 2884 Vide
1269 2853 1337 2885 Vol.
1353 2854 1379 2892 1,
1395 2865 1424 2893 p.
1439 2857 1506 2886 221.

552 2988 583 3021 Ο
