1945 3259
804 255 1028 284 APPEme,

217 366 266 396 De
280 365 618 397 Exeommanieatione
634 365 748 404 quater
760 373 822 403 per

450 426 588 456 Annum.
912 415 913 453 l

200 501 245 532 Et
267 500 301 531 in
323 499 462 540 singulis
483 499 628 531 ecclesiis
655 508 880 539 quorumcun-
912 488 913 519 Ῐ

157 569 220 599 que
242 559 471 600 religiosfium
493 569 553 589 seu
576 557 794 593 saecularium‚
811 559 879 587 sta·
910 560 912 595 ξ

156 618 284 650 tuimus
310 621 428 658 quater
452 615 487 648 in
514 627 612 656 anuo,
649 616 807 647 videlicet
847 615 881 647 in
910 626 912 654 ;

157 681 331 712 dominicis
347 680 502 721 proximis
524 682 600 720 post
616 680 881 711 observationem
909 668 911 722 j

157 743 303 780 quatuor
318 743 520 780 temporum,
532 742 566 770 et
582 739 683 771 etiam
702 739 735 769 in
754 738 879 778 synodo
908 725 911 768 ,1

157 798 191 829 in
208 809 326 838 genere
339 798 668 830 excommunicentur
683 807 797 828 omnes
812 806 879 827 sor-

159 857 262 898 tilegil
276 858 422 894 venefici,
433 857 628 888 incendiarii
644 855 878 891 ecclesiarium,

157 918 297 948 factores
312 918 442 956 falsarii,
456 917 600 948 usurarii
623 916 803 954 manifesti,
818 915 878 946 im-

158 977 329 1016 pedientes
365 977 558 1007 testimonia
596 976 744 1016 legitime
781 975 880 1006 facta.

159 1034 248 1064 Laici
285 1035 489 1071 invadentes,
521 1035 723 1071 detinentes,
750 1033 879 1064 defrau-

156 1094 284 1130 dantes,
307 1097 342 1124 et
363 1094 551 1124 auferentes
572 1093 794 1133 possessiones
821 1102 880 1123 seu

156 1163 362 1193 qznaecunque
379 1153 604 1190 ecclesiastica,
621 1155 681 1183 aut
696 1153 878 1188 libertates,

156 1217 190 1243 et
205 1223 315 1243 omnes
337 1213 384 1243 illi
400 1212 460 1253 qui
475 1222 509 1243 se
527 1212 563 1243 in
577 1211 736 1243 beneficio
752 1212 880 1243 ecclesi·

157 1271 260 1303 astico
290 1271 497 1310 intruserint,
535 1273 570 1302 et
605 1275 707 1302 testes
737 1271 882 1302 scientur

157 1331 294 1373 perjuri,
340 1331 429 1362 unde
468 1330 638 1362 amittitur
683 1332 724 1362 ab
771 1331 883 1372 aliquo

158 1391 334 1423 haereditas
349 1401 420 1429 sua,
437 1393 496 1422 aut
519 1390 726 1429 beneficium,
743 1400 800 1421 seu
816 1393 884 1421 ter-

156 1459 275 1481 renum
293 1460 300 1487 ;
324 1448 485 1489 raptores2
501 1449 602 1480 etiam
618 1449 742 1489 publici
767 1451 800 1479 et
825 1459 881 1480 no-

154 1509 242 1544 tozii5
261 1512 295 1540 et
310 1518 423 1539 omnes
439 1509 528 1539 fures
541 1509 575 1539 et
590 1507 745 1545 latrones,
757 1508 810 1539 vel
827 1519 882 1539 eos

157 1569 216 1609 qui
246 1571 485 1599 manuteneant
526 1568 576 1598 rel
606 1578 667 1608 pro
697 1567 744 1598 eis
783 1567 883 1598 fidem

157 1629 287 1659 dabunt
323 1638 401 1659 cum
437 1628 527 1659 dicta
567 1637 665 1659 causa
702 1628 881 1660 revelatur.

158 1687 245 1718 Item
268 1697 383 1718 omnes
405 1686 463 1727 qui
479 1687 515 1717 in
532 1697 629 1718 causa
646 1688 883 1719 matrimoniali

158 1746 281 1777 falsum
327 1746 560 1777 testimonium
608 1746 792 1787 perhibent,
831 1747 884 1778 vel

159 1805 257 1837 falsas
285 1805 493 1845 exceptiones
521 1809 694 1846 opponunt
720 1806 884 1837 malitiose

160 1865 212 1895 vel
243 1864 365 1904 opponi
400 1868 588 1905 procurant,
626 1865 680 1895 vel
716 1865 752 1896 in
787 1875 885 1895 causa

160 1924 397 1955 matrimoniali
408 1926 510 1955 testes
522 1925 713 1962 subornant,
727 1927 761 1956 et
771 1935 885 1955 omnes

161 1983 250 2022 ipsos
260 1983 480 2022 impedientes
491 1983 685 2020 ordinarios,
697 1993 762 2024 quo
774 1984 885 2015 minus

161 2041 204 2071 de
232 2041 328 2071 bonis
357 2041 599 2072 discedentium
628 2042 671 2073 ab
700 2042 882 2079 intestatis,

1595 246 1674 283 ‘193

1003 362 1052 402 Of
1071 360 1393 391 Exeommunz'ealion
1417 361 1503 400 foui·
1532 361 1622 390 times

1247 430 1267 449 a
1278 430 1367 458 year.

985 495 1158 526 Moreover
1187 494 1222 525 in
1261 494 1304 525 all
1334 493 1494 525 churches
1524 492 1673 524 whether

942 559 1074 599 regular
1117 568 1155 589 or
1191 558 1328 595 secular,
1367 567 1415 588 we
1453 556 1560 587 direct
1596 555 1673 586 that

941 619 1017 650 four
1031 618 1130 649 times
1146 628 1165 648 a
1180 627 1266 658 year,
1290 617 1364 647 that
1387 617 1414 647 is
1430 617 1465 646 to
1481 626 1540 655 say
1556 625 1598 646 on
1615 615 1672 646 the

942 677 1061 708 Lord’s
1088 678 1170 717 days
1197 677 1278 707 next
1303 675 1473 715 following
1499 675 1584 705 after
1613 673 1672 704 the

941 736 1142 768 celebration
1155 737 1190 767 of
1204 736 1262 766 the
1279 736 1354 766 four
1371 744 1510 770 seasons,
1521 734 1587 764 and
1602 733 1671 764 also

1482 792 1669 833 magicians,

941 794 975 825 in
1019 795 1136 835 synod,
1177 794 1220 825 all
1270 804 1440 831 sorcerers,

940 853 1158 884 incendiaries
1174 853 1211 884 of
1233 853 1401 890 churches,
1427 854 1562 892 forgers,
1578 854 1672 881 noto-

908 905 909 925 ³
939 911 1028 942 rious
1040 911 1366 947 usurers,hinderers
1378 912 1411 942 of
1427 911 1483 942 the
1499 910 1674 950 obtaining

908 970 910 973 ’
939 972 1023 1011 legal
1048 971 1214 1007 evidence,
1233 971 1275 1001 be
1304 970 1612 1001 excommunicated
1639 969 1673 998 in

937 1041 1061 1071 yenere.
1110 1029 1223 1071 [Also]
1245 1030 1289 1060 all
1305 1039 1439 1070 persons
1455 1028 1492 1059 of
1513 1028 1569 1058 the
1589 1027 1671 1067 laity

941 1091 1074 1130 seizing,
1127 1089 1307 1129 detaining,
1354 1088 1562 1128 defrauding,
1606 1087 1672 1117 ancl

941 1151 1092 1191 carrying
1116 1161 1206 1190 away
1234 1150 1293 1180 the
1322 1150 1525 1190 possessions
1549 1159 1585 1179 or
1607 1158 1672 1187 any

942 1212 1038 1243 other
1062 1213 1221 1253 property
1243 1211 1279 1241 of
1304 1211 1362 1242 the
1385 1210 1521 1244 church,
1549 1219 1586 1239 or
1612 1209 1673 1239 her

941 1271 1126 1312 privileges.
1170 1270 1249 1300 And
1264 1269 1308 1300 all
1323 1269 1419 1299 those
1435 1268 1509 1299 who
1524 1268 1607 1298 have
1622 1268 1672 1298 in-

942 1330 1062 1362 truded
1085 1329 1287 1361 themselves
1310 1328 1382 1359 into
1398 1338 1463 1368 any
1478 1327 1623 1358 benefice
1639 1328 1675 1358 of

943 1392 1001 1422 the
1026 1390 1160 1428 church,
1190 1390 1255 1421 and
1288 1389 1458 1420 witnesses
1482 1387 1673 1427 knowingly

943 1451 1099 1492 perjured
1122 1450 1168 1490 by
1194 1449 1304 1479 whose
1330 1458 1443 1478 means
1468 1448 1521 1478 his
1548 1445 1672 1477 iuberi-

912 1494 913 1504 1
942 1514 1038 1542 tance
1049 1510 1090 1540 be
1103 1509 1167 1540 lost
1180 1508 1223 1548 by
1237 1518 1302 1547 any
1315 1517 1401 1543 man,
1414 1506 1521 1537 either
1532 1506 1673 1545 bequest

941 1570 976 1601 in
999 1579 1120 1608 money
1136 1578 1172 1599 or
1189 1567 1224 1598 in
1239 1567 1339 1605 land;
1363 1566 1431 1596 also
1456 1565 1500 1596 all
1524 1564 1672 1605 publicly

940 1628 1006 1658 and
1021 1625 1228 1665 notoriously
1243 1625 1354 1665 guilty
1370 1624 1404 1653 of
1419 1623 1599 1654 abduction
1625 1622 1673 1663 [of

941 1685 1094 1726 women,]
1123 1686 1189 1716 and
1222 1685 1267 1715 all
1292 1684 1420 1714 thieves
1448 1683 1513 1713 and
1536 1683 1672 1713 robbers

942 1757 978 1777 or
992 1746 1088 1776 those
1105 1745 1177 1775 who
1194 1734 1334 1784 support
1357 1742 1461 1778 them,
1479 1752 1515 1772 or
1537 1742 1673 1772 become

941 1804 1113 1836 securities
1129 1804 1180 1834 for
1195 1803 1288 1834 them
1300 1802 1398 1833 when
1413 1801 1471 1832 the
1486 1800 1622 1840 hearing
1641 1800 1677 1830 of

941 1864 1000 1894 the
1016 1863 1133 1903 charge
1151 1863 1278 1902 against
1293 1862 1386 1892 them
1401 1860 1461 1891 has
1476 1861 1560 1892 been
1575 1869 1673 1900 open-

943 1922 992 1952 ed.
1034 1921 1115 1952 Also
1124 1921 1168 1952 all
1179 1930 1314 1961 persons
1324 1920 1398 1950 who
1414 1919 1492 1950 bear
1508 1918 1590 1949 false
1601 1918 1675 1949 wit-

943 1991 1018 2012 ness
1030 1980 1065 2012 in
1081 1980 1306 2012 matrimonial
1322 1990 1446 2016 causes,
1460 1989 1497 2010 or
1509 1978 1544 2010 of
1559 1978 1675 2009 malice

945 2050 1065 2082 oppose
1095 2050 1132 2071 or
1161 2049 1258 2070 cause
1288 2041 1324 2070 to
1354 2039 1395 2069 be
1426 2037 1570 2078 opposed
1596 2036 1676 2068 false

201 2144 212 2164 ¹
233 2146 436 2184 :sortilegium
449 2145 474 2175 is
489 2145 542 2175 the
557 2155 645 2176 name
658 2146 748 2183 given
763 2148 794 2176 to
807 2155 824 2176 a
838 2146 950 2183 species
963 2145 996 2175 of
1018 2143 1271 2181 fortune-telling‚
1282 2143 1347 2180 viz„
1362 2146 1400 2179 by
1420 2142 1464 2172 lot
1480 2142 1674 2180 (exsortibus)

163 2201 195 2232 It
209 2202 234 2232 is
250 2202 313 2232 also
327 2202 416 2239 given
431 2205 463 2231 to
477 2212 517 2232 an
532 2203 716 2239 aggravated
730 2203 809 2232 form
823 2203 856 2232 of
875 2203 983 2239 magio.

160 2258 345 2288 interventu.
386 2257 507 2295 Duplex
531 2257 742 2295 distinguitur,
770 2268 801 2288 se
824 2257 1006 2288 amatorium
1028 2258 1058 2286 et
1073 2255 1251 2285 veneficum.
1291 2254 1311 2274 ²*
1361 2254 1380 2274 ἑὲ

1023 2201 1042 2215 “
1054 2200 1239 2231 Maleficium
1255 2201 1300 2229 est
1313 2209 1361 2228 ars
1378 2198 1513 2232 nocendi,
1529 2198 1675 2228 daemonis

1430 2253 1450 2272 ²¹²
1490 2253 1676 2283 Maleficium

163 2313 331 2343 veneficum
351 2316 396 2343 est
416 2313 538 2350 praecise
559 2323 608 2343 ars
628 2313 755 2343 nocendi
775 2313 911 2351 proximo
926 2312 1015 2342 variis
1030 2311 1127 2341 modis
1141 2321 1196 2348 ope
1210 2309 1364 2344 daemonis,
1381 2309 1446 2344 viz„
1461 2308 1574 2345 morbo,
1588 2308 1677 2338 hebe-

164 2368 279 2405 tudine,
288 2369 341 2398 &c.
387 2368 578 2398 Maleficium
591 2368 684 2406 vulgo
697 2370 822 2398 vocatur
836 2367 1042 2405 Sortilegium,
1052 2376 1087 2396 ex
1099 2376 1134 2396 eo
1148 2364 1229 2403 quod
1242 2375 1294 2401 per
1307 2364 1382 2393 illud
1397 2373 1459 2393 sors
1473 2364 1554 2392 mala
1564 2363 1679 2400 injicia-

161 2427 214 2453 tur
228 2424 275 2458 iis,
290 2426 395 2453 contra
408 2433 482 2461 quos
499 2423 633 2454 vindicta
645 2423 816 2461 operatione
829 2422 976 2453 diabolica
989 2424 1151 2452 exercetur.
1194 2420 1276 2450 Huic
1298 2420 1330 2449 in
1352 2420 1420 2457 jure
1441 2419 1583 2448 canonico
1604 2420 1633 2447 et
1647 2418 1680 2446 in

164 2478 291 2508 historia
304 2478 501 2508 ecclesiastica
514 2478 597 2515 magi
611 2480 641 2508 et
654 2488 733 2515 sagae
754 2477 893 2507 Sortiarii
907 2479 938 2507 et
950 2476 1104 2507 Sortiariae
1117 2475 1274 2514 (Angliee,
1288 2473 1451 2510 Sorcerers)
1467 2471 1682 2502 vocantur.'’—-

170 2537 270 2573 Gur-y.
291 2534 401 2563 Moral
421 2534 512 2564 Theo.
531 2530 580 2565 75,

207 2609 221 2629 2
244 2607 394 2643 “Raptus
415 2616 550 2644 personae
574 2608 620 2636 est
642 2606 777 2636 violent-a
790 2605 931 2635 abductio
944 2604 1078 2635 honestae
1092 2603 1234 2639 faeminae,
1248 2601 1382 2632 libidinis
1396 2600 1565 2631 exercendae
1583 2601 1681 2638 gratia

167 2663 204 2692 de
216 2662 281 2692 loco
294 2662 327 2691 in
339 2662 441 2691 locum
456 2661 741 2691 diversum—etiam
755 2661 781 2690 si
795 2661 832 2690 ab
845 2660 992 2698 explenda
1004 2659 1129 2690 libidine
1141 2658 1334 2695 impediatur.
1385 2657 1489 2686 Etiam
1512 2657 1539 2686 si
1562 2656 1598 2686 fit
1623 2665 1684 2685 uon

165 2717 299 2747 libidinis
312 2726 412 2753 causa,
426 2717 479 2746 sed
491 2717 555 2746 sola
568 2717 738 2746 intentione
751 2716 881 2746 ducendi
894 2721 1022 2753 raptano
1035 2715 1066 2744 in
1083 2713 1326 2748 matrimonium,
1342 2713 1405 2750 ipse
1418 2714 1522 2749 raptor
1535 2714 1565 2741 et
1580 2720 1685 2741 omnes

167 2772 314 2802 auxilium
328 2771 495 2810 praebentae
508 2772 571 2801 suit
583 2772 648 2810 ipso
664 2773 733 2810 jure
746 2771 998 2803 excommunicati
1013 2780 1046 2800 ac
1060 2771 1203 2808 perpetuo
1220 2767 1640 2806 infames?'···Rez]ffenstecel‚
1654 2770 1672 2798 5
1681 2783 1691 2796 ‚

167 2826 215 2862 17,
229 2827 257 2862 1,
271 2829 302 2856 et
319 2826 437 2857 Concil.
453 2827 592 2857 Trident.
605 2827 682 2859 ibid.

968 2895 995 2921 X
